

@misc{ajaAndmed,
  author       = {{Tallinna Transpordiamet}},
  title        = {Sõidukite graafikud},
  howpublished = {\url{ https://transport.tallinn.ee/data/routes.txt}},
  note         = {[Kasutatud: 2024-11-16]}
}


@misc{tallinlasteRahalolukusitlus2020,
  author       = {{Turu-uuringute AS}},
  title        = {Tallinlaste rahuloluküsitlus},
  howpublished = {\url{ https://uuringud.tallinn.ee/file_download/1234}},
  year         = {2020},
  note         = {[Kasutatud: 2024-11-16]}
}

@misc{tallinlasteRahalolukusitlus2023,
  author       = {{Turu-uuringute AS}},
  title        = {Tallinlaste rahuloluküsitlus - Liikuvus ja elukeskkond},
  howpublished = {\url{ https://uuringud.tallinn.ee/file_download/1593}},
  year         = {2023},
  note         = {[Kasutatud: 2024-11-16]},
}

@misc{gpsAndmed,
  author = {{Linna digiteenistus}},
  title = {Ühistranspordi sõidukite asukohad reaalajas},
  year = {2024},
  howpublished = { https://avaandmed.eesti.ee/datasets/uhistranspordivahendite-asukohad-reaalajas},
  note = {[Kasutatud: 2024-11-16]}
}
@misc{tallinn2035,
  author = {{Tallinna strateegiakeskus}},
  title = {Tallinn 2035},
  year = {2020},
  howpublished = { https:// www.tallinn.ee/en/media/313030},
  note = {[Kasutatud: 2024-11-16]}
}


@misc{cloudflareTunnel,
  author       = {Cloudflare},
  title        = {Cloudflare Tunnel},
  howpublished          = { https://developers.cloudflare.com/cloudflare-one/connections/connect-networks/},
  note         = {[Kasutatud: 2024-11-16]}
}
@misc{nginxWebsite,
  author       = {NGINX, Inc.},
  title        = {NGINX },
  howpublished          = { https://nginx.org/en/},
}

@misc{jaiswal2024,
  author       = {A. Jaiswal},
  title        = {Step-by-Step Guide to Hosting Your Own Webserver at Home: Setting Up a Secure Raspberry Pi Apache Server},
  howpublished          = { https://mechash.notion.site/Step-by-Step-Guide-to-Hosting-Your-Own-Webserver-at-Home-Setting-Up-a-Secure-Raspberry-Pi-Apache-Se-4496694375ae4afe9d348a38bf29208b#89dc47ea2bee445f9c50bd8152468643},
  note         = {[Kasutatud: 2024-11-16]}
}

@misc{lee2024cloudflare,
  author       = {{R. Lee, Anondon}},
  title        = {How to Host a Website Using Cloudflare and NGINX on Ubuntu 22.04},
  howpublished          = { https://www.digitalocean.com/community/tutorials/how-to-host-a-website-using-cloudflare-and-nginx-on-ubuntu-22-04},
  note         = {[Kasutatud: 2024-11-16]},
}

@misc{leafletMap,
  author       = {Leaflet},
  title        = {Leaflet Map library},
  howpublished          = {\url{ https://leafletjs.com/}},
  note         = {[Kasutatud: 2024-11-16]},
}


@misc{chart,
  author       = {Chart},
  title        = {Chart library},
  howpublished          = {\url{ https://www.chartjs.org}},
  note         = {[Kasutatud: 2024-11-16]},
}

@misc{trollid,
  author       = {M. Tooming},
  title        = {Tallinnas hakkavad novembrist trolliliinidel sõitma bussid},
  howpublished          = {\url{ https://www.err.ee/1609466560/tallinnas-hakkavad-novembrist-trolliliinidel-soitma-bussid}},
  note         = {[Kasutatud: 2025-03-23]},
}

@misc{üt-infosüsteem,
  author       = {Regionaal- ja Põllumajandusministeerium},
  title        = {Ühistranspordi infosüsteem},
  howpublished          = {\url{ https://www.agri.ee/regionaalareng-planeeringud/uhistransport-ja-reisimine/uhistranspordi-infosusteem}},
  note         = {[Kasutatud: 2025-03-24]},
}

@misc{GTFS,
  author       = {MobilityData},
  title        = {GTFS},
  howpublished          = {\url{ https://gtfs.org/documentation/overview/}},
  note         = {[Kasutatud: 2025-03-24]},
}
@article{2024_pt_g2viz,
  author = {{S. Para, T. Wirotsasithon, T. Jundee, M. G. Demissie, Y. Sekimoto, F. Biljecki, and S. Phithakkitnukoon}},
  doi = {10.1007/s12469-024-00362-x},
  journal = {Public Transport},
  title = {G2Viz: an online tool for visualizing and analyzing a public transit system from GTFS data},
  year = {2024}
}

@misc{GPS_performance,
  author       = {USA Valitsus},
  title        = {GPS-i täpsus},
  howpublished = {\url{ https://www.gps.gov/systems/gps/performance/}},
  note         = {[Kasutatud: 2025-03-30]},
}

@misc{Syrjarinne2015,
  author       = {P. Syrjärinne},
  title        = {Urban Traffic Analysis with Bus Location Data},
  howpublished = {\url{https://trepo.tuni.fi/bitstream/handle/10024/98613/978-952-03-0069-2.pdf?sequence=1}},
  year         = {2015},
  note         = {[Kasutatud: 2025-03-30]},
}
@misc{Pereira2023,
  author       = {{R. H. M. Pereira, P. R. Andrade, J. P. B. Vieira}},
  title        = {Exploring the time geography of public transport networks with the gtfs2gps package},
  howpublished = {\url{https://doi.org/10.1007/s10109-022-00400-x}},
  year         = {2023},
  note         = {[Kasutatud: 2025-03-30]},
}

@misc{Hetzner2025,
  author       = {{Hetzner Online GmbH}},
  title        = {Hetzner Cloud},
  howpublished = {\url{https://www.hetzner.com/cloud/}},
  year         = {2025},
  note         = {[Kasutatud: 2025-04-04]},
}

@article{buenosAires,
  author       = {{J. Godfrid,  P. Radnic, A. Vaisman, E. Zimányi}},
  title        = {Analyzing Public Transport in the City of Buenos Aires with MobilityDB},
  journal      = {Public Transport},
  year         = {2022},
  doi          = {10.1007/s12469-022-00290-8},
  howpublished = {\url{https://link.springer.com/article/10.1007/s12469-022-00290-8}},
  note         = {[Kasutatud: 2025-04-04]},
}

@misc{barefoot,
  author       = {{Barefoot}},
  title        = {Barefoot},
  howpublished = {\url{https://github.com/bmwcarit/barefoot}},
  year         = {2025},
  note         = {[Kasutatud: 2025-04-04]},
}

@Article{urbansci3010025,
AUTHOR = {{J. R. Kenworthy}},
TITLE = {Urban Transport and Eco-Urbanism: A Global Comparative Study of Cities with a Special Focus on Five Larger Swedish Urban Regions},
JOURNAL = {Urban Science},
VOLUME = {3},
YEAR = {2019},
NUMBER = {1},
ARTICLE-NUMBER = {25},
howpublished = {\url{https://www.mdpi.com/2413-8851/3/1/25}},
ISSN = {2413-8851},
DOI = {10.3390/urbansci3010025}
}

@misc{euspa_gnss,
  author       = {{European Union Agency for the Space Programme}},
  title        = {What is GNSS?},
  year         = {2025},
  howpublished          = {\url{https://www.euspa.europa.eu/eu-space-programme/galileo/what-gnss}},
  note         = {[Kasutatud: 2025-04-18]}
}

@misc{merakas_projects,
  author    = {{UAB Merakas}},
  title     = {Teostatud projektid},
  year      = {2025},
  howpublished       = {\url{https://www.merakas.lt/implemented-projects/}},
  note      = {[Kasutatud: 2025-04-18]}
}

@misc{merakas_pikas,
  author    = {{UAB Merakas}},
  title     = {Pikas},
  year      = {2025},
  howpublished = {\url{https://www.merakas.lt/product/products/Pikas/}},
  note      = {[Kasutatud: 2025-04-18]}
}

@misc{tallinn_infosusteem_2017,
  author      = {{KPMG Baltics OÜ}},
  title       = {Tallinna linnatranspordi korraldamise infosüsteemi eelanalüüs},
  institution = {Tallinna Transpordiamet},
  year        = {2017},
  howpublished= {\url{https://uuringud.tallinn.ee/uuring/vaata/2017/Tallinna-linnatranspordi-korraldamise-infosusteemi-eelanaluus}},
  note        = {[Kasutatud: 2025-04-18]}
}

@misc{timescale_hypercore,
  author    = {{Timescale, Inc.}},
  title     = {Using Timescale Hyperfunctions (Hypercore)},
  year      = {2025},
  howpublished= {\url{https://docs.timescale.com/use-timescale/latest/hypercore/}},
  note      = {[Kasutatud: 2025-04-19]}
}

@misc{boston_woodruff_mbta_2011,
  author    = {A. Woodruff},
  title     = {An MBTA Bus-iness Day},
  year      = {2011},
  howpublished= {\url{https://bostonography.com/2011/an-mbta-bus-iness-day/}},
  note      = {[Kasutatud: 2025-04-20]}
}

@misc{jlf_tram_speeds,
  author    = {{Joukkoliikennefoorumi}},
  title     = {Raitiovaunujen nopeuksia kartalla},
  year      = {2011},
  howpublished= {\url{https://jlf.fi/viestiketjut/raitiovaunujen-nopeuksia-kartalla.6331/}},
  note      = {[Kasutatud: 2025-04-20]}
}

@misc{err_trammiliin_2024,
  author    = {{ERR Uudised}},
  title     = {Galerii: Tallinn avas uue trammiliini, tramm hakkab sõitma pühapäeval},
  year      = {2024},
  howpublished= {\url{https://www.err.ee/1609536850/galerii-tallinn-avas-uue-trammiliini-tramm-hakkab-soitma-puhapaeval}},
  note      = {[Kasutatud: 2025-04-20]}
}

@misc{GPS_2_GTFS,
author = {{S. Ratneswaran, U. Thayasivam, S. Thillaiambalam}},
year = {2024},
month = {12},
title = {GPS-2-GTFS: A Python package to process and transform raw GPS data of public transit to GTFS format},
doi = {10.48550/arXiv.2412.15221}
}

@misc{rigas_satiksme_passengers_2019,
  author    = {{Rīgas satiksme}},
  title     = {12 984 275 passengers carried in May},
  year      = {2019},
  howpublished= {\url{https://www.rigassatiksme.lv/en/current information/12-984-275-passengers-carried-in-may/}},
  note      = {[Kasutatud: 2025-04-22]}
}
@misc{dbengines_ranking,
  author = {{DB-Engines}},
  title = {DB-Engines Ranking},
  year = {2025},
  howpublished = {\url{https://db-engines.com/en/ranking}},
  note = {[Kasutatud: 2025-05-17]}
}
@misc{err_jarve_tramm_2024,
  author = {{ERR Uudised}},
  title = {Tallinna Transpordiameti hinnangul vajab linn Järvele trammühendust},
  year = {2024},
  howpublished = {\url{https://www.err.ee/1609494796/tallinna-transpordiameti-hinnangul-vajab-linn-jarvele-trammiuhendust}},
  note = {[Kasutatud: 2025-04-20]}
}

@misc{transportTallinnEe,
  author = {{Tallinna Transpordiamet}},
  title = {Tallinna ühistranspordi sõiduplaanid},
  howpublished = {\url{https://transport.tallinn.ee/}},
  note = {[Kasutatud: 2025-04-06]}
}

@misc{transportTallinnEeGTFS,
  author = {{Tallinna Transpordiamet}},
  title = {Tallinna ühistranspordi GTFS andmed},
  howpublished = {\url{https://transport.tallinn.ee/data/gtfs.zip}},
  note = {[Kasutatud: 2025-06-04]}
}

@misc{leafletjs,
  author       = {{Leafletjs}},
  title        = {Leaflet — JavaScript library for interactive maps},
  howpublished = {\url{https://leafletjs.com/}},
  note         = {[Kasutatud: 2025-06-04]}
}

@misc{waze,
  author       = {{Waze}},
  title        = {Waze — navigeerimisrakendus},
  howpublished = {\url{https://www.waze.com/}},
  note         = {[Kasutatud: 2025-06-04]}
}
@misc{mobilitydb,
  author       = {{Mobilitydb}},
  title        = {An open source geospatial trajectory data management & analysis platform},
  howpublished = {\url{https://mobilitydb.com/}},
  note         = {[Kasutatud: 2025-06-04]}
}
@misc{postgis,
  author       = {{PostGIS}},
  title        = {PostGIS - extends the capabilities of the PostgreSQL relational database},
  howpublished = {\url{https://postgis.net/}},
  note         = {[Kasutatud: 2025-06-04]}
}
@misc{Spreadsheet,
  author       = {{Google}},
  title        = {Google Sheet},
  howpublished = {\url{https://workspace.google.com/products/sheets/}},
  note         = {[Kasutatud: 2025-06-04]}
}
